@article{roocks2016,
  title={Computing pareto frontiers and database preferences with the rPref Package},
  author={Roocks, Patrick},
  journal={RJ},
  volume={8},
  number={2},
  pages={393--404},
  year={2016}
}
@inproceedings{ngatchou2005,
  title={Pareto multi objective optimization},
  author={Ngatchou, Patrick and Zarei, Anahita and El-Sharkawi, A},
  booktitle={Proceedings of the 13th International Conference on, Intelligent Systems Application to Power Systems},
  pages={84--91},
  year={2005},
  organization={IEEE}
}
@article{schafer2017,
  title={Integrative analysis of multiple genomic variables using a hierarchical Bayesian model},
  author={Sch{\"a}fer, Martin and Klein, Hans-Ulrich and Schwender, Holger},
  journal={Bioinformatics},
  volume={33},
  number={20},
  pages={3220--3227},
  year={2017},
  publisher={Oxford University Press}
}
@article{holliday2018,
  title={Epigenomics of mammary gland development},
  author={Holliday, Holly and Baker, Laura A and Junankar, Simon R and Clark, Susan J and Swarbrick, Alexander},
  journal={Breast Cancer Research},
  volume={20},
  number={1},
  pages={1--11},
  year={2018},
  publisher={BioMed Central}
}
@article{li2018,
  title={TET2 Loss Dysregulates the Behavior of Bone Marrow Mesenchymal Stromal Cells and Accelerates Tet2-/--Driven Myeloid Malignancy Progression},
  author={Li, Rong and Zhou, Yuan and Cao, Zeng and Liu, Lin and Wang, Jinhuan and Chen, Zizhen and Xing, Wen and Chen, Shi and Bai, Jie and Yuan, Weiping and others},
  journal={Stem cell reports},
  volume={10},
  number={1},
  pages={166--179},
  year={2018},
  publisher={Elsevier}
}
@article{bray2016,
  title={Near-optimal probabilistic RNA-seq quantification},
  author={Bray, Nicolas L and Pimentel, Harold and Melsted, P{\'a}ll and Pachter, Lior},
  journal={Nature biotechnology},
  volume={34},
  number={5},
  pages={525},
  year={2016},
  publisher={Nature Publishing Group}
}
@article{love2014,
  title={Moderated estimation of fold change and dispersion for RNA-seq data with DESeq2},
  author={Love, Michael I and Huber, Wolfgang and Anders, Simon},
  journal={Genome biology},
  volume={15},
  number={12},
  pages={550},
  year={2014},
  publisher={BioMed Central}
}
@article{hon2014,
  title={5mC oxidation by Tet2 modulates enhancer activity and timing of transcriptome reprogramming during differentiation},
  author={Hon, Gary C and Song, Chun-Xiao and Du, Tingting and Jin, Fulai and Selvaraj, Siddarth and Lee, Ah Young and Yen, Chia-an and Ye, Zhen and Mao, Shi-Qing and Wang, Bang-An and others},
  journal={Molecular cell},
  volume={56},
  number={2},
  pages={286--297},
  year={2014},
  publisher={Elsevier}
}
@article{li2009,
  title={The sequence alignment/map format and SAMtools},
  author={Li, Heng and Handsaker, Bob and Wysoker, Alec and Fennell, Tim and Ruan, Jue and Homer, Nils and Marth, Gabor and Abecasis, Goncalo and Durbin, Richard},
  journal={Bioinformatics},
  volume={25},
  number={16},
  pages={2078--2079},
  year={2009},
  publisher={Oxford University Press}
}

@article{li2009a,
  title={Fast and accurate short read alignment with Burrows--Wheeler transform},
  author={Li, Heng and Durbin, Richard},
  journal={bioinformatics},
  volume={25},
  number={14},
  pages={1754--1760},
  year={2009},
  publisher={Oxford University Press}
}
@misc{andrews2010fastqc,
	title={FastQC: a quality control tool for high throughput sequence data},
	author={Andrews, Simon and others},
	year={2010},
	publisher={Babraham Bioinformatics, Babraham Institute, Cambridge, United Kingdom}
}